@book {aubin,
    AUTHOR = {Aubin, T.},
     TITLE = {Nonlinear analysis on manifolds. {M}onge--{A}mp\`ere equations},
    SERIES = {Grundlehren der mathematischen Wissenschaften},
    VOLUME = {252},
 %PUBLISHER = {Springer-Verlag, New York},
      YEAR = {1982},
    % PAGES = {xii+204},
      ISBN = {0-387-90704-1},
   MRCLASS = {58-02 (35J60 35N99 53-02 58G30)},
  MRNUMBER = {681859},
MRREVIEWER = {A. G. Ramm},
       DOI = {10.1007/978-1-4612-5734-9},
       URL = {https://doi.org/10.1007/978-1-4612-5734-9},
}

@book {burago-zalgaller,
    AUTHOR = {Burago, Yu. D. and Zalgaller, V. A.},
     TITLE = {Geometric inequalities},
    SERIES = {Grundlehren der mathematischen Wissenschaften},
    VOLUME = {285},
% PUBLISHER = {Springer-Verlag, Berlin},
      YEAR = {1988},
   %  PAGES = {xiv+331},
      ISBN = {3-540-13615-0},
   MRCLASS = {52A40 (53-02)},
  MRNUMBER = {936419},
       DOI = {10.1007/978-3-662-07441-1},
       URL = {https://doi.org/10.1007/978-3-662-07441-1},
}

@Article{fary,
    Author = {Fáry, I.},
    Title = {Sur certaines inégalités géométriques},
    FJournal = {Acta Scientiarum Mathematicarum},
    Journal = {Acta Sci. Math.},
    ISSN = {0001-6969},
    Volume = {12},
    Pages = {117--124},
    Year = {1950},
 %   Publisher = {University of Szeged, Bolyai Institute, Szeged},
    Language = {French},
    Zbl = {0039.16801}
}

@InCollection{tabachnikov,
    Author = {S. {Tabachnikov}},
    Title = {The tale of a geometric inequality.},
    BookTitle = {{MASS selecta: teaching and learning advanced undergraduate mathematics}},
    ISBN = {0-8218-3363-4/hbk},
    Pages = {257--262},
    Year = {2003},
   % Publisher = {Providence, RI: American Mathematical Society (AMS)},
    Language = {English},
    MSC2010 = {53A04 53C65},
    Zbl = {1093.53001}
}

@article{gromov1,
doi = {10.48550/ARXIV.2203.14013},
author = {Gromov, M.},
title = {Scalar curvature, injectivity radius and immersions with small second fundamental forms},
year = {2022},
      eprint={2203.14013v2},
      archivePrefix={arXiv},
      primaryClass={math.DG}
}

@article{gromov2,
doi = {10.48550/ARXIV.2210.13256},
author = {Gromov, M.},
title = {Curvature, Kolmogorov diameter, Hilbert rational designs and overtwisted immersions},
year={2022},
      eprint={2210.13256},
      archivePrefix={arXiv},
      primaryClass={math.DG}
}


@misc{gromov3,
author = {Gromov, M.},
title = {Isometric immersions with controlled curvatures},
year={2022},
      eprint={2212.06122v1},
      archivePrefix={arXiv},
      primaryClass={math.DG}
}

@article {gromov-lawson,
    AUTHOR = {Gromov, M. and Lawson, B.},
     TITLE = {Spin and scalar curvature in the presence of a fundamental
              group. {I}},
   JOURNAL = {Ann. of Math. (2)},
  FJOURNAL = {Annals of Mathematics. Second Series},
    VOLUME = {111},
      YEAR = {1980},
    NUMBER = {2},
     PAGES = {209--230},
      ISSN = {0003-486X},
   MRCLASS = {53C05 (57R99)},
  MRNUMBER = {569070},
MRREVIEWER = {N. J. Hitchin},
       DOI = {10.2307/1971198},
       URL = {https://doi.org/10.2307/1971198},
}

@article {petrunin,
    AUTHOR = {Petrunin, A.},
     TITLE = {Polyhedral approximations of {R}iemannian manifolds},
   JOURNAL = {Turkish J. Math.},
  FJOURNAL = {Turkish Journal of Mathematics},
    VOLUME = {27},
      YEAR = {2003},
    NUMBER = {1},
     PAGES = {173--187},
      ISSN = {1300-0098},
   MRCLASS = {53C20},
  MRNUMBER = {1975337},
MRREVIEWER = {Igor Belegradek},
}



@MISC {445819,
    TITLE = {Normal curvature of Veronese embedding},
    AUTHOR = {A. Petrunin},
    HOWPUBLISHED = {MathOverflow},
    %NOTE = {URL:https://mathoverflow.net/q/445819 (version: 2023-05-03)},
    EPRINT = {https://mathoverflow.net/q/445819},
    URL = {https://mathoverflow.net/q/445819}
}

@book{petrunin-zamora,
      title={What is differential geometry: curves and surfaces}, 
      author={A. Petrunin and S. Zamora Barrera},
      year={2022},
      eprint={2012.11814},
      archivePrefix={arXiv},
      primaryClass={math.HO}
}

@article {shur,
    AUTHOR = {Schur, A.},
     TITLE = {\"{U}ber die {S}chwarzsche {E}xtremaleigenschaft des {K}reises
              unter den {K}urven konstanter {K}r\"{u}mmung},
   JOURNAL = {Math. Ann.},
  FJOURNAL = {Mathematische Annalen},
    VOLUME = {83},
      YEAR = {1921},
    NUMBER = {1-2},
     PAGES = {143--148},
      ISSN = {0025-5831},
   MRCLASS = {DML},
  MRNUMBER = {1512005},
       DOI = {10.1007/BF01464234},
       URL = {https://doi.org/10.1007/BF01464234},
}


@article {gromoll-grove,
    AUTHOR = {Gromoll, D. and Grove, K.},
     TITLE = {A generalization of {B}erger's rigidity theorem for positively
              curved manifolds},
   JOURNAL = {Ann. Sci. \'Ecole Norm. Sup. (4)},
  FJOURNAL = {Annales Scientifiques de l'\'Ecole Normale Sup\'erieure.
              Quatri\`eme S\'erie},
    VOLUME = {20},
      YEAR = {1987},
    NUMBER = {2},
     PAGES = {227--239},
      ISSN = {0012-9593},
   MRCLASS = {53C20},
  MRNUMBER = {911756},
MRREVIEWER = {Viktor\ Schroeder},
       URL = {http://www.numdam.org/item?id=ASENS_1987_4_20_2_227_0},
}

@article {wilking,
    AUTHOR = {Wilking, B.},
     TITLE = {Index parity of closed geodesics and rigidity of {H}opf
              fibrations},
   JOURNAL = {Invent. Math.},
  FJOURNAL = {Inventiones Mathematicae},
    VOLUME = {144},
      YEAR = {2001},
    NUMBER = {2},
     PAGES = {281--295},
      ISSN = {0020-9910,1432-1297},
   MRCLASS = {53C12 (53C22 53C24)},
  MRNUMBER = {1826371},
       DOI = {10.1007/PL00005801},
       URL = {https://doi.org/10.1007/PL00005801},
}

@article{petrunin2024,
      title={Tubed embeddings}, 
      author={A. Petrunin},
      year={2024},
      eprint={2402.16195},
      archivePrefix={arXiv},
      primaryClass={math.DG},
      url={https://arxiv.org/abs/2402.16195}, 
}

@MISC {petrunin2023,
    TITLE = {Normal curvature of Veronese embedding},
    AUTHOR = {A. Petrunin},
    HOWPUBLISHED = {MathOverflow},
   % NOTE = {URL:https://mathoverflow.net/q/445819 (version: 2024-06-10)},
    EPRINT = {https://mathoverflow.net/q/445819},
    URL = {https://mathoverflow.net/q/445819}
}

@article {sakamoto,
    AUTHOR = {Sakamoto, K.},
     TITLE = {Planar geodesic immersions},
   JOURNAL = {Tohoku Math. J. (2)},
  FJOURNAL = {The Tohoku Mathematical Journal. Second Series},
    VOLUME = {29},
      YEAR = {1977},
    NUMBER = {1},
     PAGES = {25--56},
      ISSN = {0040-8735,2186-585X},
   MRCLASS = {53C40},
  MRNUMBER = {470913},
MRREVIEWER = {O.\ Kowalski},
       DOI = {10.2748/tmj/1178240693},
       URL = {https://doi.org/10.2748/tmj/1178240693},
}

@article {petrunin2024a,
    AUTHOR = {Petrunin, A.},
     TITLE = {Gromov's tori are optimal},
   JOURNAL = {Geom. Funct. Anal.},
  FJOURNAL = {Geometric and Functional Analysis},
    VOLUME = {34},
      YEAR = {2024},
    NUMBER = {1},
     PAGES = {202--208},
      ISSN = {1016-443X,1420-8970},
   MRCLASS = {53C42},
  MRNUMBER = {4706446},
       DOI = {10.1007/s00039-024-00663-0},
       URL = {https://doi.org/10.1007/s00039-024-00663-0},
}

@article {brendle-schoen,
    AUTHOR = {Brendle, S. and Schoen, R.},
     TITLE = {Manifolds with 1/4-pinched curvature are space forms},
   JOURNAL = {J. Amer. Math. Soc.},
  FJOURNAL = {Journal of the American Mathematical Society},
    VOLUME = {22},
      YEAR = {2009},
    NUMBER = {1},
     PAGES = {287--307},
      ISSN = {0894-0347,1088-6834},
   MRCLASS = {53C20 (53C44)},
  MRNUMBER = {2449060},
MRREVIEWER = {Fr\'ed\'eric\ Robert},
       DOI = {10.1090/S0894-0347-08-00613-9},
       URL = {https://doi.org/10.1090/S0894-0347-08-00613-9},
}

@article {petrunin2003,
    AUTHOR = {Petrunin, A.},
     TITLE = {Polyhedral approximations of {R}iemannian manifolds},
   JOURNAL = {Turkish J. Math.},
  FJOURNAL = {Turkish Journal of Mathematics},
    VOLUME = {27},
      YEAR = {2003},
    NUMBER = {1},
     PAGES = {173--187},
      ISSN = {1300-0098,1303-6149},
   MRCLASS = {53C20},
  MRNUMBER = {1975337},
MRREVIEWER = {Igor\ Belegradek},
}

@book {wolf,
    AUTHOR = {Wolf, J. A.},
     TITLE = {Spaces of constant curvature},
 %PUBLISHER = {McGraw-Hill Book Co., New York-London-Sydney},
      YEAR = {1967},
     %PAGES = {xv+408},
   MRCLASS = {53.72 (20.00)},
  MRNUMBER = {217740},
MRREVIEWER = {N.\ J.\ Hicks},
}
